@article{Seidel,
	author = {Seidel, R.},
	title = {On the all-pairs-shortest-path problem in unweighted undirected graphs},
	journal = {J. Comput. Syst. Sci.},
	volume = {51},
	number = {3},
	pages = {400--403},
	year  = {1995},
}

@article{Aingworth,
	author = { Aingworth, D. and  Chekuri, C. and Indyk, P. and Motwani, R.},
	title = {Fast estimation of diameter and shortest paths
	(without matrix multiplication)},
	journal = {SIAM J. Comput.},
	volume = {28},
	number = {1},
	pages = {1167--1181},
	year  = {1999},
}

@INPROCEEDINGS{GA_Subset, 
	author = {Y. {Alkhalifah} and R. L. {Wainwright}}, 
	booktitle = {Proceedings of the 2004 Congress on Evolutionary Computation (IEEE Cat. No.04TH8753)}, 
	title = {A genetic algorithm applied to graph problems involving subsets of vertices}, 
	year = {2004}, 
	volume = {1}, 
	number = {}, 
	pages = {303-308},  
	month={June}
}

@article{BA,
	author = {Reka Albert and Albert-Laszlo Barabasi},
	title = {Statistical mechanics of complex networks},
	journal = {Reviews of Modern Physics},
	volume = {74},
	number = {1},
	pages = {47--97},
	year  = {2002},
}

@article{GEOM,
	author = {Gilbert, Edgar},
	title = {Random Plane Networks},
	journal = {Journal of the Society for Industrial and Applied Mathematics},
	volume = {9},
	number = {4},
	pages = {533--543},
	year  = {1961},
	publisher = {Routledge},
	doi = {10.1137/0109045},
}

@InProceedings{Fast_Approximation,
	author="Berman, Piotr
	and Kasiviswanathan, Shiva Prasad",
	editor="Dehne, Frank
	and Sack, J{\"o}rg-R{\"u}diger
	and Zeh, Norbert",
	title="Faster Approximation of Distances in Graphs",
	booktitle="Algorithms and Data Structures",
	year="2007",
	publisher="Springer Berlin Heidelberg",
	address="Berlin, Heidelberg",
	isbn="978-3-540-73951-7"
}

@article{APSP,
 author = {Chan, Timothy M.},
 title = {All-pairs Shortest Paths for Unweighted Undirected Graphs in O(Mn) Time},
 journal = {ACM Trans. Algorithms},
 issue_date = {September 2012},
 volume = {8},
 number = {4},
 month = oct,
 year = {2012},
 issn = {1549-6325},
 pages = {34:1--34:17},
 articleno = {34},
 numpages = {17},
 url = {http://doi.acm.org/10.1145/2344422.2344424},
 doi = {10.1145/2344422.2344424},
 acmid = {2344424},
 publisher = {ACM},
 address = {New York, NY, USA},
}

@inproceedings{Fast_Radius,
 author = {Roditty, Liam and Vassilevska Williams, Virginia},
 title = {Fast Approximation Algorithms for the Diameter and Radius of Sparse Graphs},
 booktitle = {Proceedings of the Forty-fifth Annual ACM Symposium on Theory of Computing},
 series = {STOC '13},
 year = {2013},
 isbn = {978-1-4503-2029-0},
 location = {Palo Alto, California, USA},
 pages = {515--524},
 numpages = {10},
 url = {http://doi.acm.org/10.1145/2488608.2488673},
 doi = {10.1145/2488608.2488673},
 acmid = {2488673},
 publisher = {ACM},
 address = {New York, NY, USA},
} 


@BOOK{Holland,
  author =       {Holland, J.},
  title =        {Adaption in Natural and Artificial Systems Adaption in Natural and Artificial Systems},
  publisher =    {University of Michigan Press},
  YEAR =         {1975},
}
